<?xml version="1.0" encoding="UTF-8"?><collection xmlns="http://www.loc.gov/MARC21/slim"><record><leader>00483nam--2200193-i-4500</leader><controlfield tag="001">000049969</controlfield><controlfield tag="002">20161230</controlfield><controlfield tag="005">20161230201047</controlfield><controlfield tag="008">060222s1000------------r-----000-0-rus-d</controlfield><datafield ind1=" " ind2=" " tag="040"><subfield code="a">IFIN-HH</subfield></datafield><datafield ind1=" " ind2=" " tag="041"><subfield code="a">rus</subfield></datafield><datafield ind1=" " ind2=" " tag="080"><subfield code="a">539.12(09)</subfield></datafield><datafield ind1="1" ind2=" " tag="100"><subfield code="a">Ahiezer, A.I</subfield></datafield><datafield ind1="1" ind2="0" tag="245"><subfield code="a">Biografiia elementarnyh chastic</subfield><subfield code="c">A.i. ahiezer, m.p. rekalo</subfield></datafield><datafield ind1=" " ind2=" " tag="260"><subfield code="a">Kiev</subfield><subfield code="b">Naukova Dumka</subfield><subfield code="c">1979</subfield></datafield><datafield ind1=" " ind2=" " tag="300"><subfield code="a">264S</subfield></datafield><datafield ind1="1" ind2=" " tag="700"><subfield code="a">Rekalo, M.P</subfield></datafield><datafield ind1=" " ind2=" " tag="852"><subfield code="a">75718</subfield><subfield code="c">539.12</subfield></datafield><datafield ind1=" " ind2=" " tag="CAT"><subfield code="a">Sys</subfield><subfield code="c">20120118</subfield><subfield code="h">170322</subfield></datafield></record></collection>